@misc{Crossref_2020,
doi= {10.13003/83b2gp},
url= {https://doi.org/10.13003%2F83b2gp},
publisher= {Crossref},
title= {March 2020 Public Data File from Crossref},
author= {Crossref},
year = {2020}
}


@dataset{Matthias_2020,
  author       = {Lisa Matthias},
  title        = {Publisher OA Portfolios 2.0},
  month        = may,
  year         = 2020,
  publisher    = {Zenodo},
  version      = {2.0},
  doi          = {10.5281/zenodo.3841568},
  url          = {https://doi.org/10.5281/zenodo.3841568}
}

@article{Matthias_2019,
   doi = {10.3390/publications7020023},
   url = {https://doi.org/10.3390%2Fpublications7020023},
   year = 2019,
   month = {apr},
   publisher = {{MDPI} {AG}},
   volume = {7},
   number = {2},
   pages = {23},
   author = {Lisa Matthias and Najko Jahn and Mikael Laakso},
   title = {The Two-Way Street of Open Access Journal Publishing: Flip It and Reverse It},
   journal = {Publications}
}

@article{Hendricks_2020,
  doi = {10.1162/qss_a_00022},
  url = {https://doi.org/10.1162%2Fqss_a_00022},
  year = 2020,
  month = {feb},
  publisher = {{MIT} Press - Journals},
  volume = {1},
  number = {1},
  pages = {414--427},
  author = {Ginny Hendricks and Dominika Tkaczyk and Jennifer Lin and Patricia Feeney},
  title = {Crossref: The sustainable source of community-owned scholarly metadata},
  journal = {Quantitative Science Studies}
  }

  @article{Nelson_2017, 
    doi = {10.1002/asi.23897}, 
    url = {https://doi.org/10.1002%2Fasi.23897}, 
    year = 2017, 
    month = {jul}, 
    publisher = {Wiley}, 
    volume = {68}, 
    number = {10}, 
    pages = {2501--2510}, 
    author = {Gregory M. Nelson and Dennis L. Eggett}, 
    title = {Citations, mandates, and money: Author motivations to publish in chemistry hybrid open access journals}, 
    journal = {Journal of the Association for Information Science and Technology}
}

@article{Laakso_2016, 
  doi = {10.1016/j.joi.2016.08.002}, 
  url = {https://doi.org/10.1016%2Fj.joi.2016.08.002}, 
  year = 2016, 
  month = {nov}, 
  publisher = {Elsevier {BV}}, 
  volume = {10}, 
  number = {4}, 
  pages = {919--932}, 
  author = {Mikael Laakso and Bo-Christer Björk}, 
  title = {Hybrid open access--A longitudinal study}, 
  journal = {Journal of Informetrics}
}

@book{Frascati,
  doi = {10.1787/24132764},
  publisher = {{OECD Publishing}},
  year = {2015},
  title = {Frascati Manual 2015: Guidelines for Collecting and Reporting Data on Research and Experimental Development},
  series = {The Measurement of Scientific, Technological and Innovation Activities},
  author = {OECD}
}

@misc{Akbaritabar_2019, 
  doi = {10.31235/osf.io/sdzft}, 
  year = 2019, 
  publisher = {SocArXiv}, 
  author = {Aliakbar Akbaritabar and Stephan Stahlschmidt}, 
  title = {Applying Crossref and Unpaywall information to identify gold, hidden gold, hybrid and delayed Open Access publications in the {KB} publication corpus}
}

@article{van_Leeuwen_2018, 
  doi = {10.1002/asi.24029}, 
  year = 2018, 
  month = {may}, 
  publisher = {Wiley}, 
  volume = {69}, 
  number = {9}, 
  pages = {1161--1173}, 
  author = {Thed N. van Leeuwen and Clifford Tatum and Paul F. Wouters}, 
  title = {Exploring possibilities to use bibliometric data to monitor gold open access publishing at the national level}, 
  journal = {Journal of the Association for Information Science and Technology}
}

@article{Emery_2013, 
  doi = {10.1629/2048-7754.65}, 
  year = 2013, 
  month = {jul}, 
  publisher = {Ubiquity Press, Ltd.}, 
  volume = {26}, 
  number = {2}, 
  pages = {115--119}, 
  author = {Jill Emery}, 
  title = {Mining for gold: identifying the librarians' toolkit for managing hybrid open access}, 
  journal = {Insights: the {UKSG} journal}
  }

  @article{Bj_rk_2012, 
    doi = {10.1002/asi.22709}, 
    year = 2012, 
    month = {jun}, 
    publisher = {Wiley}, 
    volume = {63}, 
    number = {8}, 
    pages = {1496--1504}, 
    author = {Bo-Christer Björk}, 
    title = {The hybrid model for open access publication of scholarly articles: A failed experiment?}, 
    journal = {Journal of the American Society for Information Science and Technology}
  }

@thesis{Kirkman_2018,
 author = {{Noreen Suzanne Kirkman}},
 title = {A Study of Open Access Publishing by NHMRC Grant Recipients},
 year = 2018,
 publisher = {{Curtin University}},
 url = {http://hdl.handle.net/20.500.11937/77026}
}

@article{P_l_nen_2020, 
  doi = {10.1162/qss_a_00084}, 
  year = 2020, 
  month = {dec}, 
  publisher = {{MIT} Press - Journals}, 
  volume = {1}, 
  number = {4}, 
  pages = {1396--1428}, 
  author = {Janne Pölönen and Mikael Laakso and Raf Guns and Emanuel Kulczycki and Gunnar Sivertsen}, 
  title = {Open access at the national level: A comprehensive analysis of publications by Finnish researchers}, 
  journal = {Quantitative Science Studies}
}

@article{Mart_n_Mart_n_2018,
  doi = {10.1016/j.joi.2018.06.012},
  url = {https://doi.org/10.1016%2Fj.joi.2018.06.012},
  year = 2018,
  month = {aug},
  publisher = {Elsevier {BV}},
  volume = {12},
  number = {3},
  pages = {819--841},
  author = {Alberto Martín-Martín and Rodrigo Costas and Thed van Leeuwen and Emilio Delgado López-Cózar},
  title = {Evidence of open access of scientific publications in Google Scholar: A large-scale analysis},
  journal = {Journal of Informetrics}
}

@article{Piwowar_2018,  
  doi = {10.7717/peerj.4375},  
  url = {https://doi.org/10.7717%2Fpeerj.4375},  
  year = 2018,  
  month = {feb},  
  publisher = {{PeerJ}},  
  volume = {6},  
  pages = {e4375},  
  author = {Heather Piwowar and Jason Priem and Vincent Larivière and Juan Pablo Alperin and Lisa Matthias and Bree Norlander and Ashley Farley and Jevin West and Stefanie Haustein},  
  title = {The state of {OA}: a large-scale analysis of the prevalence and impact of Open Access articles},  
  journal = {{PeerJ}}
  }

  @misc{Piwowar_2019, 
   doi = {10.1101/795310}, 
   url = {https://doi.org/10.1101%2F795310}, 
   year = 2019, 
   month = {oct}, 
   publisher = {{bioRxiv}}, 
   author = {Heather Piwowar and Jason Priem and Richard Orr}, 
   title = {The Future of {OA}: A large-scale analysis projecting Open Access publication and readership}
  }

  @techreport{Olsson1271866,
   author = {Olsson, Lisa},
   pages = {20},
   publisher = {Kungliga biblioteket},
   title = {Evaluation of Offset Agreements -- Report 4 : Springer Compact},
   URL = {http://urn.kb.se/resolve?urn=urn%3Anbn%3Ase%3Ahb%3Adiva-15501},
   year = {2018}
}

@techreport{Lawson_2018,
  doi = {10.6084/M9.FIGSHARE.5383861.V1},
  author = {Lawson, Stuart},
  title = {Report on offset agreements: evaluating current Jisc Collections deals. Year 2 – evaluating 2016 deals},
  publisher = {figshare},
  year = {2017}}

  @techreport{Monaghan_2020, 
   doi = {10.6084/M9.FIGSHARE.11988123.V4},  
   author = {Monaghan, Jessica and Lucraft, Mithu and Allin, Katie}, 
   title = {'APCs in the Wild': Could Increased Monitoring and Consolidation of Funding Accelerate the Transition to Open Access?}, 
   publisher = {figshare}, 
   year = {2020}
   }

   @techreport{Graaf_2017, 
     doi = {10.5281/ZENODO.438037}, 
     author = {Graaf, Maurits Van Der},  
     title = {Paying For Open Access: The Author's Perspective}, 
     publisher = {Zenodo}, 
     year = {2017}}

   @article{Jahn_2016, 
     doi = {10.7717/peerj.2323}, 
     url = {https://doi.org/10.7717%2Fpeerj.2323}, 
     year = 2016, 
     month = {aug}, 
     publisher = {{PeerJ}}, 
     volume = {4}, 
     pages = {e2323}, 
     author = {Najko Jahn and Marco Tullney}, 
     title = {A study of institutional spending on open access publication fees in Germany}, 
     journal = {{PeerJ}}
    }

  @article{Pinfield_2016, 
    doi = {10.1002/asi.23446}, 
    year = 2016, 
    month = {feb}, 
    publisher = {Wiley}, 
    volume = {67}, 
    number = {7}, 
    pages = {1751--1766}, 
    author = {Stephen Pinfield and Jennifer Salter and Peter A. Bath}, 
    title = {The "total cost of publication" in a hybrid open-access environment: Institutional approaches to funding journal article-processing charges in combination with subscriptions}, 
    journal = {Journal of the Association for Information Science and Technology}
}

@article{Pieper_2018, 
  doi = {10.1629/uksg.439}, 
  url = {https://doi.org/10.1629%2Fuksg.439}, 
  year = 2018, 
  publisher = {Ubiquity Press, Ltd.}, 
  volume = {31}, 
  author = {Dirk Pieper and Christoph Broschinski}, 
  title = {{OpenAPC}: a contribution to a transparent and reproducible monitoring of fee-based open access publishing across institutions and nations}, 
  journal = {Insights the {UKSG} journal}
}

@article{Frantsv_g_2019, 
  doi = {10.3390/publications7020026}, 
  url = {https://doi.org/10.3390%2Fpublications7020026}, 
  year = 2019, 
  month = {apr}, 
  publisher = {{MDPI} {AG}}, 
  volume = {7}, 
  number = {2}, 
  pages = {26}, 
  author = {Jan Erik Frantsvåg and Tormod Eismann Strømme}, 
  title = {Few Open Access Journals Are Compliant with Plan S}, 
  journal = {Publications}
}

@article{Geschuhn_2017, 
  doi = {10.1629/uksg.391}, 
  url = {https://doi.org/10.1629%2Fuksg.391}, 
  year = 2017, 
  month = {nov}, 
  publisher = {Ubiquity Press, Ltd.}, 
  volume = {30}, 
  number = {3}, 
  pages = {103--114}, 
  author = {Kai Geschuhn and Graham Stone}, 
  title = {It's the workflows, stupid! What is required to make `offsetting' work for the open access transition}, 
  journal = {Insights the {UKSG} journal}
}

@article{Marques_2019, 
  doi = {10.1629/uksg.489}, 
  url = {https://doi.org/10.1629%2Fuksg.489}, 
  year = 2019, 
  publisher = {Ubiquity Press, Ltd.}, 
  volume = {32}, 
  author = {Mafalda Marques and Saskia Woutersen-Windhouwer and Arja Tuuliniemi}, 
  title = {Monitoring agreements with open access elements: why article-level metadata are important}, 
  journal = {Insights the {UKSG} journal}
}

%%%% Websites
@misc{Els_Agreements,
  title = {{Agreements}},
  author = {{Elsevier}},
  howpublished = {\url{https://web.archive.org/web/20210127152729/https://www.elsevier.com/open-access/agreements}},
  note = {Accessed: 2021-01-27}
}

@misc{Els_Pricing,
  title = {{Pricing}},
  author = {{Elsevier}},
  howpublished = {\url{https://web.archive.org/web/20210127152857/https://www.elsevier.com/about/policies/pricing}},
  note = {Accessed: 2021-01-27}
}

@misc{Els_Archive,
  title = {{Open archive}},
  author = {{Elsevier}},
  howpublished = {\url{http://web.archive.org/web/20210127201740/https://www.elsevier.com/open-access/open-archive}},
  note = {Accessed: 2021-01-27}
}

https://www.elsevier.com/open-access/open-archive

@misc{lund,
  title = {{Publishing options: BIBSAM institute associated authors}},
  author = {{Elsevier}},
  howpublished = {\url{https://web.archive.org/web/20210127153520/https://www.ub.lu.se/en/sites/ub.lu.se.en/files/publicering_under_elsevier_avtalet.pdf}},
  note = {Accessed: 2021-01-27}
}

@misc{vsnu,
  title = {{Publishing options for:
Dutch universities & institutes
associated authors}},
  author = {{Elsevier}},
  howpublished = {\url{https://web.archive.org/web/20190530214833/https://www.openaccess.nl/sites/www.openaccess.nl/files/documenten/elsevier_-_vsnu_workflow_updated_18july_v2.pdf}},
  note = {Accessed: 2021-01-27}
}

@misc{Els_videos,
  title = {{Publishing Journey videos: How do I complete the Rights and Access form?}},
  author = {{Elsevier}},
  howpublished = {\url{https://web.archive.org/web/20210127154144/https://service.elsevier.com/app/answers/detail/a_id/29789/supporthub/publishing/track/APN2ZgoIDv8a~RNiGvwa~yKgpv0qOS75Mv9e~zj~PP_X/}},
  note = {Accessed: 2021-01-27}
}

@misc{Unpaywall_para,
  title = {{What does is\_paratext mean in the API?}},
  author = {{Unpaywall}},
  howpublished = {\url{https://web.archive.org/web/20201126131640/https://support.unpaywall.org/support/solutions/articles/44001894783}},
  note = {Accessed: 2021-01-27}
}

@misc{Unpaywall_oa_license,
  title = {{What is an OA license?}},
  author = {{Unpaywall}},
  howpublished = {\url{http://web.archive.org/web/20210127192625/https://support.unpaywall.org/support/solutions/articles/44002063718-what-is-an-oa-license-}},
  note = {Accessed: 2021-01-27}
}

@misc{Unpaywall_types,
  title = {{What do the types of oa\_status (green, gold, hybrid, and bronze) mean?}},
  author = {{Unpaywall}},
  howpublished = {\url{http://web.archive.org/web/20210127192910/https://support.unpaywall.org/support/solutions/articles/44001777288}},
  note = {Accessed: 2021-01-27}
}

%%% Software

@Manual{r,
    title = {R: A Language and Environment for Statistical Computing},
    author = {{R Core Team}},
    organization = {R Foundation for Statistical Computing},
    address = {Vienna, Austria},
    year = {2020},
    url = {https://www.R-project.org/},
  }

@Article{tidyverse,
    title = {Welcome to the {tidyverse}},
    author = {Hadley Wickham and Mara Averick and Jennifer Bryan and Winston Chang and Lucy D'Agostino McGowan and Romain François and Garrett Grolemund and Alex Hayes and Lionel Henry and Jim Hester and Max Kuhn and Thomas Lin Pedersen and Evan Miller and Stephan Milton Bache and Kirill Müller and Jeroen Ooms and David Robinson and Dana Paige Seidel and Vitalie Spinu and Kohske Takahashi and Davis Vaughan and Claus Wilke and Kara Woo and Hiroaki Yutani},
    year = {2019},
    journal = {Journal of Open Source Software},
    volume = {4},
    number = {43},
    pages = {1686},
    doi = {10.21105/joss.01686},
  }

@Manual{rcrossref,
    title = {{{rcrossref}}: Client for Various {{CrossRef}} {{APIs}}},
    author = {Scott Chamberlain and Hao Zhu and Najko Jahn and Carl Boettiger and Karthik Ram},
    year = {2020},
    note = {R package version 1.1.0},
    url = {https://CRAN.R-project.org/package=rcrossref},
  }

  @Manual{bigrquery,
    title = {{{bigrquery}}: An Interface to {{Google's BigQuery API}}},
    author = {Hadley Wickham and Jennifer Bryan},
    year = {2020},
    note = {R package version 1.3.2},
    url = {https://CRAN.R-project.org/package=bigrquery},
  }

  @Manual{crminer,
    title = {{{crminer}}: Fetch Scholary Full Text from {{CrossRef}}},
    author = {Scott Chamberlain},
    year = {2020},
    note = {R package version 0.3.2},
    url = {https://CRAN.R-project.org/package=crminer},
  }

   @Manual{xml2,
    title = {{{xml2}}: Parse {{XML}}},
    author = {Hadley Wickham and Jim Hester and Jeroen Ooms},
    year = {2020},
    note = {R package version 1.3.2},
    url = {https://CRAN.R-project.org/package=xml2},
  }


